@article{Alpher02,
  author  = {A. Alpher},
  title   = {Frobnication},
  journal = {Journal of Foo},
  volume  = 12,
  number  = 1,
  pages   = {234--778},
  year    = 2002
}

@misc{fastai_2020,
  title   = {fastai/fastai},
  url     = {https://github.com/fastai/fastai},
  journal = {GitHub},
  author  = {Fastai},
  year    = {2020},
  month   = {May}
}

@misc{kaggle,
  title   = {M5 Forecasting - Accuracy},
  url     = {https://www.kaggle.com/c/m5-forecasting-accuracy/data},
  journal = {Kaggle}
}

@misc{martin-alarcon,
  title   = {fast.ai Deep Learning vs XGBoost on tabular data},
  url     = {https://www.martinalarcon.org/2018-12-31-b-water-pumps/},
  journal = {Alarcon},
  author  = {Martin-Alarcon, Daniel}
}

@misc{ming2017deepo,
  author       = {Ming Yang},
  title        = {Deepo: set up deep learning environment in a single command line.},
  year         = {2017},
  publisher    = {GitHub},
  journal      = {GitHub repository},
  howpublished = {\url{https://github.com/ufoym/deepo}}
}

@misc{ryuheeeei_2020,
  title     = {Let's Start from Here! Beginners' Data Analysis},
  url       = {https://www.kaggle.com/ryuheeeei/let-s-start-from-here-beginners-data-analysis},
  journal   = {Kaggle},
  publisher = {Kaggle},
  author    = {Ryuheeeei, F.},
  year      = {2020},
  month     = {May}
}

@misc{stephanie_2019,
  title   = {Standardized Values: Example},
  url     = {https://www.statisticshowto.com/standardized-values-examples/},
  journal = {Statistics How To},
  author  = {Stephanie},
  year    = {2019},
  month   = {Jun}
}
